<?xml version="1.0" encoding="UTF-8"?>
<record xmlns="http://www.loc.gov/MARC21/slim">
   <leader>02652cam a2200457 a 4500</leader>
   <controlfield tag="001">812194</controlfield>
   <controlfield tag="003">NjP</controlfield>
   <controlfield tag="005">20171024103755.0</controlfield>
   <controlfield tag="008">930604q19801989ir a     b    001 0 ara d</controlfield>
   <datafield tag="024" ind1="7" ind2=" ">
      <subfield code="a">princeton_aco003608</subfield>
      <subfield code="2">local</subfield>
   </datafield>
   <datafield ind1=" " ind2=" " tag="035">
      <subfield code="a">(OCoLC)ocn176820785</subfield>
   </datafield>
   <datafield ind1=" " ind2=" " tag="035">
      <subfield code="a">(OCoLC)28263867</subfield>
   </datafield>
   <datafield ind1=" " ind2=" " tag="040">
      <subfield code="a">NjP</subfield>
      <subfield code="c">PUL</subfield>
      <subfield code="d">PUL</subfield>
   </datafield>
   <datafield ind1=" " ind2=" " tag="035">
      <subfield code="a">(OCoLC)176820785</subfield>
   </datafield>
   <datafield ind1=" " ind2=" " tag="035">
      <subfield code="a">(CStRLIN)NJPG93-B30801</subfield>
   </datafield>
   <datafield ind1=" " ind2=" " tag="035">
      <subfield code="9">ADZ3956TS</subfield>
   </datafield>
   <datafield ind1=" " ind2=" " tag="035">
      <subfield code="a">(NjP)812194</subfield>
   </datafield>
   <datafield ind1=" " ind2=" " tag="079">
      <subfield code="a">ocm28263867</subfield>
   </datafield>
   <datafield ind1=" " ind2=" " tag="049">
      <subfield code="a">PULL</subfield>
   </datafield>
   <datafield ind1="1" ind2=" " tag="100">
      <subfield code="6">880-01</subfield>
      <subfield code="a">Sharaf al-Dīn, ʻAbd al-Ḥusayn.</subfield>
   </datafield>
   <datafield ind1="1" ind2="3" tag="245">
      <subfield code="6">880-02</subfield>
      <subfield code="a">al-Murājaʻāt :</subfield>
      <subfield code="b">abḥāth jadīdah fī uṣūl al-madhhab wa-al-imāmah al-ʻāmmah : wa-hiya rasāʼil mutabādalah bayna al-ustādh al-akbar al-Shaykh Salīm al-Bishrī Shaykh al-Jāmiʻ al-Azhar wa-bayna al-Imām Sharaf al-Dīn al-ʻĀmilī /</subfield>
      <subfield code="c">ʻAbd al-Ḥusayn Sharaf al-Dīn ; qaddama la-hu Ḥāmid Ḥifnī Dāwūd wa-Muḥammad Fikrī ʻUthmān Abū al-Naṣr ; taḥqīq Huṣayn al-Rāḍī.</subfield>
   </datafield>
   <datafield ind1=" " ind2=" " tag="260">
      <subfield code="6">880-03</subfield>
      <subfield code="a">al-Jumhūrīyah al-Islāmīyah fī Īrān :</subfield>
      <subfield code="b">al-Majmaʻ al-ʻĀlamī li-Ahl al-Bayt,</subfield>
      <subfield code="c">[198-?]</subfield>
   </datafield>
   <datafield ind1=" " ind2=" " tag="300">
      <subfield code="a">16, 471 p. :</subfield>
      <subfield code="b">ill. ;</subfield>
      <subfield code="c">22 cm.</subfield>
   </datafield>
   <datafield ind1=" " ind2=" " tag="504">
      <subfield code="a">Includes bibliographical references and index.</subfield>
   </datafield>
   <datafield ind1=" " ind2="0" tag="650">
      <subfield code="6">880-04</subfield>
      <subfield code="a">Shīʻah.</subfield>
      <subfield code="0">http://id.loc.gov/authorities/subjects/sh85121390</subfield>
   </datafield>
   <datafield ind1="1" ind2="0" tag="600">
      <subfield code="6">880-05</subfield>
      <subfield code="a">Sharaf al-Dīn, ʻAbd al-Ḥusayn</subfield>
      <subfield code="x">Correspondence.</subfield>
   </datafield>
   <datafield ind1="1" ind2="0" tag="600">
      <subfield code="6">880-06</subfield>
      <subfield code="a">Bishrī, Salīm</subfield>
      <subfield code="x">Correspondence.</subfield>
   </datafield>
   <datafield ind1=" " ind2="0" tag="650">
      <subfield code="a">Shiites</subfield>
      <subfield code="x">Correspondence.</subfield>
   </datafield>
   <datafield ind1="1" ind2=" " tag="700">
      <subfield code="6">880-07</subfield>
      <subfield code="a">Rāḍī, Ḥusayn.</subfield>
   </datafield>
   <datafield ind1="1" ind2=" " tag="700">
      <subfield code="6">880-08</subfield>
      <subfield code="a">Bishrī, Salīm.</subfield>
   </datafield>
   <datafield ind1="1" ind2=" " tag="880">
      <subfield code="6">100-01/r</subfield>
      <subfield code="a">شرف الدين، عبد الحسين.</subfield>
   </datafield>
   <datafield ind1="1" ind2="2" tag="880">
      <subfield code="6">245-02/r</subfield>
      <subfield code="a">المراجعات :</subfield>
      <subfield code="b">ابحاث جديدة في اصول المذهب والامامة العامة : وهي رسائل متبادلة بين الاستاذ الاكبر الشيخ سليم البشري شيخ الجامع الاچر وبين الامام شرف الدين العاملي /</subfield>
      <subfield code="c">عبد الحسين شرف الدين ؛ قدم له حامد حفني داوود ومحمد فكري عثمان ابو النصر ؛ تحقيق هصين الراضي.</subfield>
   </datafield>
   <datafield ind1=" " ind2=" " tag="880">
      <subfield code="6">260-03/r</subfield>
      <subfield code="a">الجمهورية الاسلامية في ايران :</subfield>
      <subfield code="b">المجمع العالمي لاهل البيت،</subfield>
      <subfield code="c">[198-؟]</subfield>
   </datafield>
   <datafield ind1=" " ind2="0" tag="880">
      <subfield code="6">650-04/r</subfield>
      <subfield code="a">شيعة.</subfield>
   </datafield>
   <datafield ind1="1" ind2="0" tag="880">
      <subfield code="6">600-05/r</subfield>
      <subfield code="a">شرف الدين، عبد الحسين</subfield>
      <subfield code="x">Correspondence.</subfield>
   </datafield>
   <datafield ind1="1" ind2="0" tag="880">
      <subfield code="6">600-06/r</subfield>
      <subfield code="a">بشري، سليم</subfield>
      <subfield code="x">Correspondence.</subfield>
   </datafield>
   <datafield ind1="1" ind2=" " tag="880">
      <subfield code="6">700-07/r</subfield>
      <subfield code="a">راضي، حسين.</subfield>
   </datafield>
   <datafield ind1="1" ind2=" " tag="880">
      <subfield code="6">700-08/r</subfield>
      <subfield code="a">بشري، سليم.</subfield>
   </datafield>
   <datafield ind1=" " ind2=" " tag="998">
      <subfield code="a">06/04/93</subfield>
      <subfield code="s">9114</subfield>
      <subfield code="n">NjP</subfield>
      <subfield code="d">06/04/93</subfield>
      <subfield code="c">JEB</subfield>
      <subfield code="b">JEB</subfield>
      <subfield code="i">930604</subfield>
      <subfield code="l">NJPG</subfield>
   </datafield>
   <datafield ind1=" " ind2=" " tag="911">
      <subfield code="a">19930610</subfield>
   </datafield>
   <datafield ind1=" " ind2=" " tag="912">
      <subfield code="a">19930604000000.0</subfield>
   </datafield>
   <datafield ind1=" " ind2=" " tag="994">
      <subfield code="a">C0</subfield>
      <subfield code="b">PUL</subfield>
   </datafield>
   <datafield ind1=" " ind2=" " tag="999">
      <subfield code="a">812194</subfield>
   </datafield>
   <datafield ind1="0" ind2="0" tag="852">
      <subfield code="0">921130</subfield>
      <subfield code="b">rcppa</subfield>
      <subfield code="t">1</subfield>
      <subfield code="h">BP194</subfield>
      <subfield code="i">.S45 1980z</subfield>
      <subfield code="x">tr fr arab</subfield>
   </datafield>
   <datafield ind1=" " ind2=" " tag="959">
      <subfield code="a">2000-06-13 00:00:00 -0400</subfield>
   </datafield>
</record>
